%YAML 1.1
%TAG !u! tag:unity3d.com,2011:
--- !u!1 &7207118866327611605
GameObject:
  m_ObjectHideFlags: 0
  m_CorrespondingSourceObject: {fileID: 0}
  m_PrefabInstance: {fileID: 0}
  m_PrefabAsset: {fileID: 0}
  serializedVersion: 6
  m_Component:
  - component: {fileID: 7207118866327611602}
  m_Layer: 0
  m_Name: GameAlbum
  m_TagString: Untagged
  m_Icon: {fileID: 0}
  m_NavMeshLayer: 0
  m_StaticEditorFlags: 0
  m_IsActive: 1
--- !u!4 &7207118866327611602
Transform:
  m_ObjectHideFlags: 0
  m_CorrespondingSourceObject: {fileID: 0}
  m_PrefabInstance: {fileID: 0}
  m_PrefabAsset: {fileID: 0}
  m_GameObject: {fileID: 7207118866327611605}
  m_LocalRotation: {x: 0, y: 0, z: 0, w: 1}
  m_LocalPosition: {x: -47.45, y: 6.26, z: -15.78}
  m_LocalScale: {x: 1, y: 1, z: 1}
  m_Children:
  - {fileID: 7207118867848550197}
  - {fileID: 7207118868294464735}
  m_Father: {fileID: 0}
  m_RootOrder: 0
  m_LocalEulerAnglesHint: {x: 0, y: 0, z: 0}
--- !u!1 &7207118866411401514
GameObject:
  m_ObjectHideFlags: 0
  m_CorrespondingSourceObject: {fileID: 0}
  m_PrefabInstance: {fileID: 0}
  m_PrefabAsset: {fileID: 0}
  serializedVersion: 6
  m_Component:
  - component: {fileID: 7207118866411401515}
  - component: {fileID: 7207118866411401513}
  - component: {fileID: 7207118866411401512}
  m_Layer: 0
  m_Name: drawer01
  m_TagString: Untagged
  m_Icon: {fileID: 0}
  m_NavMeshLayer: 0
  m_StaticEditorFlags: 0
  m_IsActive: 1
--- !u!4 &7207118866411401515
Transform:
  m_ObjectHideFlags: 0
  m_CorrespondingSourceObject: {fileID: 0}
  m_PrefabInstance: {fileID: 0}
  m_PrefabAsset: {fileID: 0}
  m_GameObject: {fileID: 7207118866411401514}
  m_LocalRotation: {x: -0.5, y: -0.5, z: -0.49999997, w: 0.5}
  m_LocalPosition: {x: -0.005649414, y: 0.0049450686, z: -0.000107421874}
  m_LocalScale: {x: 0.01356853, y: 0.014123851, z: 0.014123851}
  m_Children: []
  m_Father: {fileID: 7207118867871773014}
  m_RootOrder: 0
  m_LocalEulerAnglesHint: {x: 0, y: 0, z: 0}
--- !u!33 &7207118866411401513
MeshFilter:
  m_ObjectHideFlags: 0
  m_CorrespondingSourceObject: {fileID: 0}
  m_PrefabInstance: {fileID: 0}
  m_PrefabAsset: {fileID: 0}
  m_GameObject: {fileID: 7207118866411401514}
  m_Mesh: {fileID: 4300002, guid: bd45295afb53a6d43907bacf93d611b5, type: 3}
--- !u!23 &7207118866411401512
MeshRenderer:
  m_ObjectHideFlags: 0
  m_CorrespondingSourceObject: {fileID: 0}
  m_PrefabInstance: {fileID: 0}
  m_PrefabAsset: {fileID: 0}
  m_GameObject: {fileID: 7207118866411401514}
  m_Enabled: 1
  m_CastShadows: 1
  m_ReceiveShadows: 1
  m_DynamicOccludee: 1
  m_MotionVectors: 1
  m_LightProbeUsage: 1
  m_ReflectionProbeUsage: 1
  m_RenderingLayerMask: 1
  m_RendererPriority: 0
  m_Materials:
  - {fileID: 2100000, guid: 98e319daaf6093a4e974d7d1a471790e, type: 2}
  m_StaticBatchInfo:
    firstSubMesh: 0
    subMeshCount: 0
  m_StaticBatchRoot: {fileID: 0}
  m_ProbeAnchor: {fileID: 0}
  m_LightProbeVolumeOverride: {fileID: 0}
  m_ScaleInLightmap: 1
  m_PreserveUVs: 0
  m_IgnoreNormalsForChartDetection: 0
  m_ImportantGI: 0
  m_StitchLightmapSeams: 0
  m_SelectedEditorRenderState: 3
  m_MinimumChartSize: 4
  m_AutoUVMaxDistance: 0.5
  m_AutoUVMaxAngle: 89
  m_LightmapParameters: {fileID: 0}
  m_SortingLayerID: 0
  m_SortingLayer: 0
  m_SortingOrder: 0
--- !u!1 &7207118866952278154
GameObject:
  m_ObjectHideFlags: 0
  m_CorrespondingSourceObject: {fileID: 0}
  m_PrefabInstance: {fileID: 0}
  m_PrefabAsset: {fileID: 0}
  serializedVersion: 6
  m_Component:
  - component: {fileID: 7207118866952278155}
  - component: {fileID: 7207118866952278153}
  - component: {fileID: 7207118866952278152}
  m_Layer: 0
  m_Name: drawer03
  m_TagString: Untagged
  m_Icon: {fileID: 0}
  m_NavMeshLayer: 0
  m_StaticEditorFlags: 0
  m_IsActive: 1
--- !u!4 &7207118866952278155
Transform:
  m_ObjectHideFlags: 0
  m_CorrespondingSourceObject: {fileID: 0}
  m_PrefabInstance: {fileID: 0}
  m_PrefabAsset: {fileID: 0}
  m_GameObject: {fileID: 7207118866952278154}
  m_LocalRotation: {x: -0.5, y: -0.5, z: -0.49999997, w: 0.5}
  m_LocalPosition: {x: 0.005649414, y: 0.0049450686, z: -0.00010757446}
  m_LocalScale: {x: 0.01356853, y: 0.014123851, z: 0.014123851}
  m_Children: []
  m_Father: {fileID: 7207118867871773014}
  m_RootOrder: 2
  m_LocalEulerAnglesHint: {x: 0, y: 0, z: 0}
--- !u!33 &7207118866952278153
MeshFilter:
  m_ObjectHideFlags: 0
  m_CorrespondingSourceObject: {fileID: 0}
  m_PrefabInstance: {fileID: 0}
  m_PrefabAsset: {fileID: 0}
  m_GameObject: {fileID: 7207118866952278154}
  m_Mesh: {fileID: 4300004, guid: bd45295afb53a6d43907bacf93d611b5, type: 3}
--- !u!23 &7207118866952278152
MeshRenderer:
  m_ObjectHideFlags: 0
  m_CorrespondingSourceObject: {fileID: 0}
  m_PrefabInstance: {fileID: 0}
  m_PrefabAsset: {fileID: 0}
  m_GameObject: {fileID: 7207118866952278154}
  m_Enabled: 1
  m_CastShadows: 1
  m_ReceiveShadows: 1
  m_DynamicOccludee: 1
  m_MotionVectors: 1
  m_LightProbeUsage: 1
  m_ReflectionProbeUsage: 1
  m_RenderingLayerMask: 1
  m_RendererPriority: 0
  m_Materials:
  - {fileID: 2100000, guid: 98e319daaf6093a4e974d7d1a471790e, type: 2}
  m_StaticBatchInfo:
    firstSubMesh: 0
    subMeshCount: 0
  m_StaticBatchRoot: {fileID: 0}
  m_ProbeAnchor: {fileID: 0}
  m_LightProbeVolumeOverride: {fileID: 0}
  m_ScaleInLightmap: 1
  m_PreserveUVs: 0
  m_IgnoreNormalsForChartDetection: 0
  m_ImportantGI: 0
  m_StitchLightmapSeams: 0
  m_SelectedEditorRenderState: 3
  m_MinimumChartSize: 4
  m_AutoUVMaxDistance: 0.5
  m_AutoUVMaxAngle: 89
  m_LightmapParameters: {fileID: 0}
  m_SortingLayerID: 0
  m_SortingLayer: 0
  m_SortingOrder: 0
--- !u!1 &7207118867848550196
GameObject:
  m_ObjectHideFlags: 0
  m_CorrespondingSourceObject: {fileID: 0}
  m_PrefabInstance: {fileID: 0}
  m_PrefabAsset: {fileID: 0}
  serializedVersion: 6
  m_Component:
  - component: {fileID: 7207118867848550197}
  - component: {fileID: 7207118867848550191}
  - component: {fileID: 7207118867848550193}
  - component: {fileID: 7207118867848550192}
  - component: {fileID: 7207118867848550195}
  - component: {fileID: 7207118867848550194}
  m_Layer: 8
  m_Name: BookCamera
  m_TagString: Untagged
  m_Icon: {fileID: 0}
  m_NavMeshLayer: 0
  m_StaticEditorFlags: 0
  m_IsActive: 1
--- !u!4 &7207118867848550197
Transform:
  m_ObjectHideFlags: 0
  m_CorrespondingSourceObject: {fileID: 0}
  m_PrefabInstance: {fileID: 0}
  m_PrefabAsset: {fileID: 0}
  m_GameObject: {fileID: 7207118867848550196}
  m_LocalRotation: {x: 0.5, y: -0.5, z: 0.5, w: 0.5}
  m_LocalPosition: {x: 0, y: 0, z: 0}
  m_LocalScale: {x: 3.1999998, y: 3.1999998, z: 3.1999998}
  m_Children: []
  m_Father: {fileID: 7207118866327611602}
  m_RootOrder: 0
  m_LocalEulerAnglesHint: {x: 90, y: -90, z: 0}
--- !u!20 &7207118867848550191
Camera:
  m_ObjectHideFlags: 0
  m_CorrespondingSourceObject: {fileID: 0}
  m_PrefabInstance: {fileID: 0}
  m_PrefabAsset: {fileID: 0}
  m_GameObject: {fileID: 7207118867848550196}
  m_Enabled: 1
  serializedVersion: 2
  m_ClearFlags: 1
  m_BackGroundColor: {r: 0.19215687, g: 0.3019608, b: 0.4745098, a: 0}
  m_projectionMatrixMode: 1
  m_SensorSize: {x: 36, y: 24}
  m_LensShift: {x: 0, y: 0}
  m_GateFitMode: 2
  m_FocalLength: 50
  m_NormalizedViewPortRect:
    serializedVersion: 2
    x: 0
    y: 0
    width: 1
    height: 1
  near clip plane: 0.3
  far clip plane: 1000
  field of view: 26.991467
  orthographic: 0
  orthographic size: 5
  m_Depth: 0
  m_CullingMask:
    serializedVersion: 2
    m_Bits: 4294967295
  m_RenderingPath: -1
  m_TargetTexture: {fileID: 0}
  m_TargetDisplay: 0
  m_TargetEye: 3
  m_HDR: 0
  m_AllowMSAA: 0
  m_AllowDynamicResolution: 0
  m_ForceIntoRT: 0
  m_OcclusionCulling: 1
  m_StereoConvergence: 10
  m_StereoSeparation: 0.022
--- !u!114 &7207118867848550193
MonoBehaviour:
  m_ObjectHideFlags: 0
  m_CorrespondingSourceObject: {fileID: 0}
  m_PrefabInstance: {fileID: 0}
  m_PrefabAsset: {fileID: 0}
  m_GameObject: {fileID: 7207118867848550196}
  m_Enabled: 1
  m_EditorHideFlags: 0
  m_Script: {fileID: 11500000, guid: 23c1ce4fb46143f46bc5cb5224c934f6, type: 3}
  m_Name: 
  m_EditorClassIdentifier: 
  m_Version: 1
  clearColorMode: 1
  backgroundColorHDR: {r: 0, g: 0, b: 0, a: 0}
  clearDepth: 1
  renderingPath: 0
  volumeLayerMask:
    serializedVersion: 2
    m_Bits: 4294967295
  volumeAnchorOverride: {fileID: 0}
  aperture: 8
  shutterSpeed: 0.005
  iso: 400
  m_FrameSettings:
    overrides: 0
    enableShadow: 1
    enableContactShadows: 1
    enableShadowMask: 1
    enableSSR: 0
    enableSSAO: 1
    enableSubsurfaceScattering: 1
    enableTransmission: 1
    enableAtmosphericScattering: 1
    enableVolumetrics: 1
    enableReprojectionForVolumetrics: 1
    enableLightLayers: 1
    diffuseGlobalDimmer: 1
    specularGlobalDimmer: 1
    shaderLitMode: 1
    enableDepthPrepassWithDeferredRendering: 0
    enableTransparentPrepass: 1
    enableMotionVectors: 1
    enableObjectMotionVectors: 1
    enableDecals: 1
    enableRoughRefraction: 1
    enableTransparentPostpass: 1
    enableDistortion: 1
    enablePostprocess: 1
    enableOpaqueObjects: 1
    enableTransparentObjects: 1
    enableRealtimePlanarReflection: 1
    enableMSAA: 0
    enableAsyncCompute: 1
    runLightListAsync: 1
    runSSRAsync: 1
    runSSAOAsync: 1
    runContactShadowsAsync: 1
    runVolumeVoxelizationAsync: 1
    lightLoopSettings:
      overrides: 0
      enableTileAndCluster: 1
      enableComputeLightEvaluation: 1
      enableComputeLightVariants: 1
      enableComputeMaterialVariants: 1
      enableFptlForForwardOpaque: 1
      enableBigTilePrepass: 1
      isFptlEnabled: 1
--- !u!114 &7207118867848550192
MonoBehaviour:
  m_ObjectHideFlags: 0
  m_CorrespondingSourceObject: {fileID: 0}
  m_PrefabInstance: {fileID: 0}
  m_PrefabAsset: {fileID: 0}
  m_GameObject: {fileID: 7207118867848550196}
  m_Enabled: 0
  m_EditorHideFlags: 0
  m_Script: {fileID: 11500000, guid: e8a636f62116c0a40bbfefdf876d4608, type: 3}
  m_Name: 
  m_EditorClassIdentifier: 
  boost: 3.5
  positionLerpTime: 0.2
  mouseSensitivityCurve:
    serializedVersion: 2
    m_Curve:
    - serializedVersion: 3
      time: 0
      value: 0.5
      inSlope: 0
      outSlope: 5
      tangentMode: 0
      weightedMode: 0
      inWeight: 0
      outWeight: 0
    - serializedVersion: 3
      time: 1
      value: 2.5
      inSlope: 0
      outSlope: 0
      tangentMode: 0
      weightedMode: 0
      inWeight: 0
      outWeight: 0
    m_PreInfinity: 2
    m_PostInfinity: 2
    m_RotationOrder: 4
  rotationLerpTime: 0.01
  invertY: 0
--- !u!114 &7207118867848550195
MonoBehaviour:
  m_ObjectHideFlags: 0
  m_CorrespondingSourceObject: {fileID: 0}
  m_PrefabInstance: {fileID: 0}
  m_PrefabAsset: {fileID: 0}
  m_GameObject: {fileID: 7207118867848550196}
  m_Enabled: 1
  m_EditorHideFlags: 0
  m_Script: {fileID: 11500000, guid: 948f4100a11a5c24981795d21301da5c, type: 3}
  m_Name: 
  m_EditorClassIdentifier: 
  volumeTrigger: {fileID: 7207118867848550197}
  volumeLayer:
    serializedVersion: 2
    m_Bits: 256
  stopNaNPropagation: 1
  finalBlitToCameraTarget: 1
  antialiasingMode: 0
  temporalAntialiasing:
    jitterSpread: 0.75
    sharpness: 0.25
    stationaryBlending: 0.95
    motionBlending: 0.85
  subpixelMorphologicalAntialiasing:
    quality: 2
  fastApproximateAntialiasing:
    fastMode: 0
    keepAlpha: 0
  fog:
    enabled: 1
    excludeSkybox: 1
  debugLayer:
    lightMeter:
      width: 512
      height: 256
      showCurves: 1
    histogram:
      width: 512
      height: 256
      channel: 3
    waveform:
      exposure: 0.12
      height: 256
    vectorscope:
      size: 256
      exposure: 0.12
    overlaySettings:
      linearDepth: 0
      motionColorIntensity: 4
      motionGridSize: 64
      colorBlindnessType: 0
      colorBlindnessStrength: 1
  m_Resources: {fileID: 11400000, guid: d82512f9c8e5d4a4d938b575d47f88d4, type: 2}
  m_ShowToolkit: 0
  m_ShowCustomSorter: 0
  breakBeforeColorGrading: 0
  m_BeforeTransparentBundles: []
  m_BeforeStackBundles: []
  m_AfterStackBundles: []
--- !u!114 &7207118867848550194
MonoBehaviour:
  m_ObjectHideFlags: 0
  m_CorrespondingSourceObject: {fileID: 0}
  m_PrefabInstance: {fileID: 0}
  m_PrefabAsset: {fileID: 0}
  m_GameObject: {fileID: 7207118867848550196}
  m_Enabled: 1
  m_EditorHideFlags: 0
  m_Script: {fileID: 11500000, guid: 8b9a305e18de0c04dbd257a21cd47087, type: 3}
  m_Name: 
  m_EditorClassIdentifier: 
  sharedProfile: {fileID: 11400000, guid: d80adc5aeb78e1e4ea3a52758265b1f0, type: 2}
  isGlobal: 1
  blendDistance: 0
  weight: 1
  priority: 0
--- !u!1 &7207118867871773017
GameObject:
  m_ObjectHideFlags: 0
  m_CorrespondingSourceObject: {fileID: 0}
  m_PrefabInstance: {fileID: 0}
  m_PrefabAsset: {fileID: 0}
  serializedVersion: 6
  m_Component:
  - component: {fileID: 7207118867871773014}
  - component: {fileID: 7207118867871773012}
  - component: {fileID: 7207118867871773015}
  m_Layer: 0
  m_Name: bookroom_desk
  m_TagString: Untagged
  m_Icon: {fileID: 0}
  m_NavMeshLayer: 0
  m_StaticEditorFlags: 0
  m_IsActive: 1
--- !u!4 &7207118867871773014
Transform:
  m_ObjectHideFlags: 0
  m_CorrespondingSourceObject: {fileID: 0}
  m_PrefabInstance: {fileID: 0}
  m_PrefabAsset: {fileID: 0}
  m_GameObject: {fileID: 7207118867871773017}
  m_LocalRotation: {x: 0.000000015454312, y: 0.7071068, z: -0.000000015454312, w: 0.7071068}
  m_LocalPosition: {x: -1657.7999, y: -988.1042, z: -16.217339}
  m_LocalScale: {x: 280.00055, y: 280, z: 280.00055}
  m_Children:
  - {fileID: 7207118866411401515}
  - {fileID: 7207118867885503519}
  - {fileID: 7207118866952278155}
  m_Father: {fileID: 7207118868294464735}
  m_RootOrder: 1
  m_LocalEulerAnglesHint: {x: 0, y: 0, z: 0}
--- !u!33 &7207118867871773012
MeshFilter:
  m_ObjectHideFlags: 0
  m_CorrespondingSourceObject: {fileID: 0}
  m_PrefabInstance: {fileID: 0}
  m_PrefabAsset: {fileID: 0}
  m_GameObject: {fileID: 7207118867871773017}
  m_Mesh: {fileID: 4300000, guid: bd45295afb53a6d43907bacf93d611b5, type: 3}
--- !u!23 &7207118867871773015
MeshRenderer:
  m_ObjectHideFlags: 0
  m_CorrespondingSourceObject: {fileID: 0}
  m_PrefabInstance: {fileID: 0}
  m_PrefabAsset: {fileID: 0}
  m_GameObject: {fileID: 7207118867871773017}
  m_Enabled: 1
  m_CastShadows: 1
  m_ReceiveShadows: 1
  m_DynamicOccludee: 1
  m_MotionVectors: 1
  m_LightProbeUsage: 1
  m_ReflectionProbeUsage: 1
  m_RenderingLayerMask: 1
  m_RendererPriority: 0
  m_Materials:
  - {fileID: 2100000, guid: b719f114aa3054c43a67f5d9ce52765d, type: 2}
  m_StaticBatchInfo:
    firstSubMesh: 0
    subMeshCount: 0
  m_StaticBatchRoot: {fileID: 0}
  m_ProbeAnchor: {fileID: 0}
  m_LightProbeVolumeOverride: {fileID: 0}
  m_ScaleInLightmap: 1
  m_PreserveUVs: 0
  m_IgnoreNormalsForChartDetection: 0
  m_ImportantGI: 0
  m_StitchLightmapSeams: 0
  m_SelectedEditorRenderState: 3
  m_MinimumChartSize: 4
  m_AutoUVMaxDistance: 0.5
  m_AutoUVMaxAngle: 89
  m_LightmapParameters: {fileID: 0}
  m_SortingLayerID: 0
  m_SortingLayer: 0
  m_SortingOrder: 0
--- !u!1 &7207118867885503518
GameObject:
  m_ObjectHideFlags: 0
  m_CorrespondingSourceObject: {fileID: 0}
  m_PrefabInstance: {fileID: 0}
  m_PrefabAsset: {fileID: 0}
  serializedVersion: 6
  m_Component:
  - component: {fileID: 7207118867885503519}
  - component: {fileID: 7207118867885503517}
  - component: {fileID: 7207118867885503516}
  m_Layer: 0
  m_Name: drawer02
  m_TagString: Untagged
  m_Icon: {fileID: 0}
  m_NavMeshLayer: 0
  m_StaticEditorFlags: 0
  m_IsActive: 1
--- !u!4 &7207118867885503519
Transform:
  m_ObjectHideFlags: 0
  m_CorrespondingSourceObject: {fileID: 0}
  m_PrefabInstance: {fileID: 0}
  m_PrefabAsset: {fileID: 0}
  m_GameObject: {fileID: 7207118867885503518}
  m_LocalRotation: {x: -0.5, y: -0.5, z: -0.49999997, w: 0.5}
  m_LocalPosition: {x: -0, y: 0.0049450686, z: -0.00010757446}
  m_LocalScale: {x: 0.01356853, y: 0.014123851, z: 0.014123851}
  m_Children: []
  m_Father: {fileID: 7207118867871773014}
  m_RootOrder: 1
  m_LocalEulerAnglesHint: {x: 0, y: 0, z: 0}
--- !u!33 &7207118867885503517
MeshFilter:
  m_ObjectHideFlags: 0
  m_CorrespondingSourceObject: {fileID: 0}
  m_PrefabInstance: {fileID: 0}
  m_PrefabAsset: {fileID: 0}
  m_GameObject: {fileID: 7207118867885503518}
  m_Mesh: {fileID: 4300006, guid: bd45295afb53a6d43907bacf93d611b5, type: 3}
--- !u!23 &7207118867885503516
MeshRenderer:
  m_ObjectHideFlags: 0
  m_CorrespondingSourceObject: {fileID: 0}
  m_PrefabInstance: {fileID: 0}
  m_PrefabAsset: {fileID: 0}
  m_GameObject: {fileID: 7207118867885503518}
  m_Enabled: 1
  m_CastShadows: 1
  m_ReceiveShadows: 1
  m_DynamicOccludee: 1
  m_MotionVectors: 1
  m_LightProbeUsage: 1
  m_ReflectionProbeUsage: 1
  m_RenderingLayerMask: 1
  m_RendererPriority: 0
  m_Materials:
  - {fileID: 2100000, guid: 98e319daaf6093a4e974d7d1a471790e, type: 2}
  m_StaticBatchInfo:
    firstSubMesh: 0
    subMeshCount: 0
  m_StaticBatchRoot: {fileID: 0}
  m_ProbeAnchor: {fileID: 0}
  m_LightProbeVolumeOverride: {fileID: 0}
  m_ScaleInLightmap: 1
  m_PreserveUVs: 0
  m_IgnoreNormalsForChartDetection: 0
  m_ImportantGI: 0
  m_StitchLightmapSeams: 0
  m_SelectedEditorRenderState: 3
  m_MinimumChartSize: 4
  m_AutoUVMaxDistance: 0.5
  m_AutoUVMaxAngle: 89
  m_LightmapParameters: {fileID: 0}
  m_SortingLayerID: 0
  m_SortingLayer: 0
  m_SortingOrder: 0
--- !u!1 &7207118868294464734
GameObject:
  m_ObjectHideFlags: 0
  m_CorrespondingSourceObject: {fileID: 0}
  m_PrefabInstance: {fileID: 0}
  m_PrefabAsset: {fileID: 0}
  serializedVersion: 6
  m_Component:
  - component: {fileID: 7207118868294464735}
  m_Layer: 0
  m_Name: Object
  m_TagString: Untagged
  m_Icon: {fileID: 0}
  m_NavMeshLayer: 0
  m_StaticEditorFlags: 0
  m_IsActive: 1
--- !u!4 &7207118868294464735
Transform:
  m_ObjectHideFlags: 0
  m_CorrespondingSourceObject: {fileID: 0}
  m_PrefabInstance: {fileID: 0}
  m_PrefabAsset: {fileID: 0}
  m_GameObject: {fileID: 7207118868294464734}
  m_LocalRotation: {x: -0, y: -0, z: -0, w: 1}
  m_LocalPosition: {x: 1657.45, y: 983.74, z: 15.78}
  m_LocalScale: {x: 1, y: 1, z: 1}
  m_Children:
  - {fileID: 7345988469699989095}
  - {fileID: 7207118867871773014}
  m_Father: {fileID: 7207118866327611602}
  m_RootOrder: 1
  m_LocalEulerAnglesHint: {x: 0, y: 0, z: 0}
--- !u!1001 &7207118867218444476
PrefabInstance:
  m_ObjectHideFlags: 0
  serializedVersion: 2
  m_Modification:
    m_TransformParent: {fileID: 7207118868294464735}
    m_Modifications:
    - target: {fileID: 141553304810349307, guid: 836eae39d4254454cb9c4e6a91911c1e,
        type: 3}
      propertyPath: m_Name
      value: album
      objectReference: {fileID: 0}
    - target: {fileID: 141553304810349241, guid: 836eae39d4254454cb9c4e6a91911c1e,
        type: 3}
      propertyPath: m_IsActive
      value: 1
      objectReference: {fileID: 0}
    - target: {fileID: 141553304810782427, guid: 836eae39d4254454cb9c4e6a91911c1e,
        type: 3}
      propertyPath: m_LocalPosition.x
      value: -1657.46
      objectReference: {fileID: 0}
    - target: {fileID: 141553304810782427, guid: 836eae39d4254454cb9c4e6a91911c1e,
        type: 3}
      propertyPath: m_LocalPosition.y
      value: -986.115
      objectReference: {fileID: 0}
    - target: {fileID: 141553304810782427, guid: 836eae39d4254454cb9c4e6a91911c1e,
        type: 3}
      propertyPath: m_LocalPosition.z
      value: -16.22
      objectReference: {fileID: 0}
    - target: {fileID: 141553304810782427, guid: 836eae39d4254454cb9c4e6a91911c1e,
        type: 3}
      propertyPath: m_LocalRotation.x
      value: -0
      objectReference: {fileID: 0}
    - target: {fileID: 141553304810782427, guid: 836eae39d4254454cb9c4e6a91911c1e,
        type: 3}
      propertyPath: m_LocalRotation.y
      value: 0.7071068
      objectReference: {fileID: 0}
    - target: {fileID: 141553304810782427, guid: 836eae39d4254454cb9c4e6a91911c1e,
        type: 3}
      propertyPath: m_LocalRotation.z
      value: -0
      objectReference: {fileID: 0}
    - target: {fileID: 141553304810782427, guid: 836eae39d4254454cb9c4e6a91911c1e,
        type: 3}
      propertyPath: m_LocalRotation.w
      value: 0.7071068
      objectReference: {fileID: 0}
    - target: {fileID: 141553304810782427, guid: 836eae39d4254454cb9c4e6a91911c1e,
        type: 3}
      propertyPath: m_RootOrder
      value: 0
      objectReference: {fileID: 0}
    - target: {fileID: 141553304810782427, guid: 836eae39d4254454cb9c4e6a91911c1e,
        type: 3}
      propertyPath: m_LocalEulerAnglesHint.x
      value: 0
      objectReference: {fileID: 0}
    - target: {fileID: 141553304810782427, guid: 836eae39d4254454cb9c4e6a91911c1e,
        type: 3}
      propertyPath: m_LocalEulerAnglesHint.y
      value: 90
      objectReference: {fileID: 0}
    - target: {fileID: 141553304810782427, guid: 836eae39d4254454cb9c4e6a91911c1e,
        type: 3}
      propertyPath: m_LocalEulerAnglesHint.z
      value: 0
      objectReference: {fileID: 0}
    - target: {fileID: 141553304810782427, guid: 836eae39d4254454cb9c4e6a91911c1e,
        type: 3}
      propertyPath: m_LocalScale.x
      value: 4
      objectReference: {fileID: 0}
    - target: {fileID: 141553304810782427, guid: 836eae39d4254454cb9c4e6a91911c1e,
        type: 3}
      propertyPath: m_LocalScale.z
      value: 4
      objectReference: {fileID: 0}
    m_RemovedComponents: []
  m_SourcePrefab: {fileID: 100100000, guid: 836eae39d4254454cb9c4e6a91911c1e, type: 3}
--- !u!4 &7345988469699989095 stripped
Transform:
  m_CorrespondingSourceObject: {fileID: 141553304810782427, guid: 836eae39d4254454cb9c4e6a91911c1e,
    type: 3}
  m_PrefabInstance: {fileID: 7207118867218444476}
  m_PrefabAsset: {fileID: 0}
